@inbook{inbook,
author = {Santosh, Kc and Das, Nibaran and Ghosh, Swarnendu},
year = {2022},
month = {01},
pages = {65-97},
title = {Deep learning models},
isbn = {9780128235041},
doi = {10.1016/B978-0-12-823504-1.00013-1}
}