@unknown{unknown,
author = {Ramsauer, Hubert and Schäfl, Bernhard and Lehner, Johannes and Seidl, Philipp and Widrich, Michael and Gruber, Lukas and Holzleitner, Markus and Pavlović, Milena and Sandve, Geir and Greiff, Victor and Kreil, David and Kopp, Michael and Klambauer, Günter and Brandstetter, Johannes and Hochreiter, Sepp},
year = {2020},
month = {07},
pages = {},
title = {Hopfield Networks is All You Need},
doi = {10.48550/arXiv.2008.02217}
}
@misc{brandstetter2020hopfield,
  author       = {Johannes Brandstetter and Viet Tran and Bernhard Schäfl and Hubert Ramsauer and Johannes Lehner and Michael Widrich and Günter Klambauer and Sepp Hochreiter},
  title        = {Hopfield Networks is All You Need},
  year         = {2020},
  howpublished = {\url{https://ml-jku.github.io/hopfield-layers/}},
  note         = {Accessed: 2025-01-10}
}